@misc{nn,
  author       = {Teed, Z. and Deng, J.},
  title        = {RAFT: Recurrent All-Pairs Field Transforms for Optical Flow},
  howpublished = {arXiv preprint arXiv:2003.12039},
  year         = {2020},
  month        = {3},
  day          = {26},
  url          = {https://arxiv.org/abs/2003.12039},
  note         = {Accessed on 18 January 2025}
}

@book{morin,
year = {2008},
publisher = {Cambridge University Press},
pages = {640},
author = {David J.Morin},
title = {Introduction to Classical Mechanics: With Problems and Solutions},
}